@article{subalg,
  author          = {Michael Dellnitz and Andreas Hohmann},
  journal         = {Numerische Mathematik},
  number          = {75},
  title           = {A Subdivision Algorithm for the Computation of Unstable Manifolds and Global Attractors},
  year            = {1997},
  doi             = {https://doi.org/10.1007/s002110050240}
}