@article{bezanson2017julia,
	title={Julia: A fresh approach to numerical computing},
	author={Bezanson, Jeff and Edelman, Alan and Karpinski, Stefan and Shah, Viral B},
	doi={10.1137/141000671},
	journal={SIAM review},
	volume={59},
	number={1},
	pages={65--98},
	year={2017},
	publisher={SIAM}
}

@incollection{maxinvset,
	author = {Easton, Robert W},
	isbn = {9780195085457},
	title = "{Dynamical Systems}",
	booktitle = "{Geometric Methods for Discrete Dynamical Systems}",
	publisher = {Oxford University Press},
	year = {1998},
	month = {02},
	doi = {10.1093/oso/9780195085457.003.0002},
	url = {https://doi.org/10.1093/oso/9780195085457.003.0002},
	eprint = {https://academic.oup.com/book/0/chapter/422180843/chapter-pdf/52433686/isbn-9780195085457-book-part-2.pdf},
}

@article{complicatedbehavior,
	author = {Dellnitz, Michael and Junge, Oliver},
	title = {On the Approximation of Complicated Dynamical Behavior},
	journal = {SIAM Journal on Numerical Analysis},
	volume = {36},
	number = {2},
	pages = {491-515},
	year = {1999},
	doi = {10.1137/S0036142996313002},
	URL = {https://doi.org/10.1137/S0036142996313002},
	eprint = {https://doi.org/10.1137/S0036142996313002}
}

@book{arpack,
	title={ARPACK Users' Guide: Solution of Large-scale Eigenvalue Problems with Implicitly Restarted Arnoldi Methods},
	author={Lehoucq, R.B. and Sorensen, D.C. and Yang, C.},
	isbn={9780898714074},
	lccn={98061204},
	series={Software, Environments, and Tools},
	url={https://books.google.de/books?id=iMUea23N_CQC},
	year={1998},
	publisher={Society for Industrial and Applied Mathematics}
}

@misc{matrixnetworks,
	author       = {Huda Nassar and David Gleich and Katharine Hyatt and MeherChaitanyaP and Austin Benson and Tony Kelman and Ole Kröger and Nicole Eikmeier and Elliot Saba and Jungsoo Kim},
	title        = {MatrixNetworks.jl v1.0.2},
	year         = {2021},
	publisher    = {Zenodo},
	url          = {https://doi.org/10.5281/zenodo.4560914}
}

@article{differentialequations,
	author = {Rackauckas, Christopher and Nie, Qing},
	doi = {10.5334/jors.151},
	journal = {The Journal of Open Research Software},
	keywords = {Applied Mathematics},
	note = {Exported from https://app.dimensions.ai on 2019/05/05},
	number = {1},
	pages = {},
	title = {DifferentialEquations.jl – A Performant and Feature-Rich Ecosystem for Solving Differential Equations in Julia},
	url = {https://app.dimensions.ai/details/publication/pub.1085583166 and http://openresearchsoftware.metajnl.com/articles/10.5334/jors.151/galley/245/download/},
	volume = {5},
	year = {2017}
}

@article{makie,
	doi = {10.21105/joss.03349},
	url = {https://doi.org/10.21105/joss.03349},
	year = {2021},
	publisher = {The Open Journal},
	volume = {6},
	number = {65},
	pages = {3349},
	author = {Simon Danisch and Julius Krumbiegel},
	title = {{Makie.jl}: Flexible high-performance data visualization for {Julia}},
	journal = {Journal of Open Source Software}
}

@article{plots,
	doi = {https://doi.org/10.5334/jors.431},
	url = {https://openresearchsoftware.metajnl.com/articles/10.5334/jors.431/},
	author = {Christ, Simon and Schwabeneder, Daniel and Rackauckas, Christopher and Borregaard, Michael Krabbe and Breloff, Thomas},
	keywords = {Graphics (cs.GR), FOS: Computer and information sciences, FOS: Computer and information sciences, I.3.3},
	title = {Plots.jl -- a user extendable plotting API for the julia programming language},
	publisher = {Journal of Open Research Software},
	journal = {Journal of Open Research Software},
	year = {2023},
	copyright = {Creative Commons Attribution 4.0 International}
}

@book{parallel,
  author         = {Maurice Herlihy and Nir Shavit and Victor Luchangco and Michael Spear},
  publisher      = {Elsevier},
  title          = {The Art of Multiprocessor Programming},
  year           = {2020},
  url            = {https://doi.org/10.1016/C2011-0-06993-4}
}

@misc{gaiocuda,
  author = {April Herwig},
  note   = {Thesis},
  title  = {GAIO.jl: Set-oriented Methods for Approximating Invariant Objects, and their Implementation in Julia},
  year   = {2022},
  url    = {https://github.com/April-Hannah-Lena/schoolwork/blob/2eada059678d91bad8a813c3e6b657a1ac72e86f/Thesis/main.pdf}
}

@article{dynamicalsystemsjl,
	doi = {10.21105/joss.00598},
	url = {https://doi.org/10.21105/joss.00598},
	year  = {2018},
	month = {mar},
	volume = {3},
	number = {23},
	pages = {598},
	author = {George Datseris},
	title = {DynamicalSystems.jl: A Julia software library for chaos and nonlinear dynamics},
	journal = {Journal of Open Source Software}
}

@book{dynamicalsystemsbook,
	doi = {10.1007/978-3-030-91032-7},
	url = {https://doi.org/10.1007/978-3-030-91032-7},
	year = {2022},
	publisher = {Springer Nature},
	author = {George Datseris and Ulrich Parlitz},
	title     = "Nonlinear dynamics: A concise introduction interlaced with code",
	address   = "Cham, Switzerland",
	language  = "en"
}

@article{almostinvariant,
	author = {Dellnitz, Michael and Junge, Oliver},
	title = {Almost Invariant Sets in Chua's Circuit},
	journal = {International Journal of Bifurcation and Chaos},
	volume = {07},
	number = {11},
	pages = {2475-2485},
	year = {1997},
	doi = {10.1142/S0218127497001655},
	URL = {https://doi.org/10.1142/S0218127497001655},
	eprint = {https://doi.org/10.1142/S0218127497001655}
}

@InProceedings{coherent,
	author="Froyland, Gary and Padberg-Gehle, Kathrin",
	editor="Bahsoun, Wael and Bose, Christopher and Froyland, Gary",
	title="Almost-Invariant and Finite-Time Coherent Sets: Directionality, Duration, and Diffusion",
	booktitle="Ergodic Theory, Open Dynamics, and Coherent Structures",
	year="2014",
	publisher="Springer New York",
	address="New York, NY",
	pages="171--216"
}

@article{3dattractor,
	title={A 3-D four-wing attractor and its analysis},  
	volume={39},  
	ISSN={0103-9733},  
	url={https://doi.org/10.1590/S0103-97332009000500007},  
	DOI={10.1590/S0103-97332009000500007},  
	number={3},  
	journal={Brazilian Journal of Physics},  
	publisher={Sociedade Brasileira de Física},  
	author={Wang, Zenghui and Sun, Yanxia and van Wyk, Barend Jacobus and Qi, Guoyuan and van Wyk, Michael Antonie},  
	year={2009},  
	month={Sep},  
	pages={547–553} 
}

@article{invariantmeasureexistence,
	ISSN = {0003486X},
	URL = {http://www.jstor.org/stable/1968511},
	author = {Nicolas Kryloff and Nicolas Bogoliouboff},
	journal = {Annals of Mathematics},
	number = {1},
	pages = {65--113},
	publisher = {Annals of Mathematics},
	title = {La Theorie Generale De La Mesure Dans Son Application A L'Etude Des Systemes Dynamiques De la Mecanique Non Lineaire},
	urldate = {2024-03-19},
	volume = {38},
	year = {1937}
}

@inbook{rigoroussampling,
	author = {Oliver Junge},
	title = {Rigorous discretization of subdivision techniques},
	booktitle = {Equadiff 99},
	year = {2000},
	publisher = {World Scientific},
	pages = {916-918},
	URL = {https://www.worldscientific.com/doi/abs/10.1142/9789812792617_0178},
}

@InCollection{DeJu:02,
 Author = {Dellnitz, Michael and Junge, Oliver},
 Title = {Set oriented numerical methods for dynamical systems.},
 BookTitle = {Handbook of dynamical systems. Volume 2},
 ISBN = {0-444-50168-1},
 Pages = {221--264},
 Year = {2002},
 Publisher = {Amsterdam: Elsevier},
 Language = {English},
 Keywords = {37M25,65P99},
 zbMATH = {1787316},
 Zbl = {1036.37030}
}

@InCollection{DeFrJu:01,
 Author = {Dellnitz, Michael and Froyland, Gary and Junge, Oliver},
 Title = {The algorithms behind {GAIO} -- set oriented numerical methods for dynamical systems},
 BookTitle = {Ergodic theory, analysis, and efficient simulation of dynamical systems},
 ISBN = {3-540-41290-5},
 Pages = {145--174, 805--807},
 Year = {2001},
 Publisher = {Berlin: Springer},
 Language = {English},
 Keywords = {65P40,37C70,37M25,37C15,37C40,37C50},
 zbMATH = {1779223},
 Zbl = {0998.65126}
}

@misc{GAIO,
  title = {GAIO (Global Analysis of Invariant Objects)},
  year = {2015},
  publisher = {GitHub},
  journal = {GitHub repository},
  howpublished = {\url{https://github.com/gaioguy/GAIO/tree/master}},
}

@Article{DeHo:97,
 Author = {Dellnitz, Michael and Hohmann, Andreas},
 Title = {A subdivision algorithm for the computation of unstable manifolds and global attractors},
 FJournal = {Numerische Mathematik},
 Journal = {Numer. Math.},
 ISSN = {0029-599X},
 Volume = {75},
 Number = {3},
 Pages = {293--317},
 Year = {1997},
 Language = {English},
 DOI = {10.1007/s002110050240},
 Keywords = {65L05,37C70,65L70},
 zbMATH = {1027736},
 Zbl = {0883.65060}
}

@Article{DeJu:99,
 Author = {Dellnitz, Michael and Junge, Oliver},
 Title = {On the approximation of complicated dynamical behavior},
 FJournal = {SIAM Journal on Numerical Analysis},
 Journal = {SIAM J. Numer. Anal.},
 ISSN = {0036-1429},
 Volume = {36},
 Number = {2},
 Pages = {491--515},
 Year = {1998},
 Language = {English},
 DOI = {10.1137/S0036142996313002},
 Keywords = {37A10,37C30,37C70,65L60},
 zbMATH = {1288902},
 Zbl = {0916.58021}
}

@Article{Bi:31,
 Author = {Birkhoff, G. D.},
 Title = {Proof of the ergodic theorem.},
 FJournal = {Proceedings of the National Academy of Sciences of the United States of America},
 Journal = {Proc. Natl. Acad. Sci. USA},
 ISSN = {0027-8424},
 Volume = {17},
 Pages = {656--660},
 Year = {1931},
 Language = {English},
 DOI = {10.1073/pnas.17.12.656},
 Keywords = {37Axx},
 zbMATH = {2558881},
 JFM = {57.1011.02}
}


@article{RuWi92a,
	author = {Rumpf, M. and Wierse, A.},
	journal = {Informatik, Forschung und Entwicklung},
	pages = {145--151},
	title = {{GRAPE}, eine objektorientierte {V}isualisierungs-- und {N}u\-me\-rik\-plattform.},
	volume = {7},
	year = {1992}}
	
@article{BeEdKaSh:17,
  title={Julia: A fresh approach to numerical computing},
  author={Bezanson, Jeff and Edelman, Alan and Karpinski, Stefan and Shah, Viral B},
  journal={SIAM review},
  volume={59},
  number={1},
  pages={65--98},
  year={2017},
  publisher={SIAM}
}

@Article{         harris2020array,
 title         = {Array programming with {NumPy}},
 author        = {Charles R. Harris and K. Jarrod Millman and St{\'{e}}fan J.
                 van der Walt and Ralf Gommers and Pauli Virtanen and David
                 Cournapeau and Eric Wieser and Julian Taylor and Sebastian
                 Berg and Nathaniel J. Smith and Robert Kern and Matti Picus
                 and Stephan Hoyer and Marten H. van Kerkwijk and Matthew
                 Brett and Allan Haldane and Jaime Fern{\'{a}}ndez del
                 R{\'{i}}o and Mark Wiebe and Pearu Peterson and Pierre
                 G{\'{e}}rard-Marchant and Kevin Sheppard and Tyler Reddy and
                 Warren Weckesser and Hameer Abbasi and Christoph Gohlke and
                 Travis E. Oliphant},
 year          = {2020},
 month         = sep,
 journal       = {Nature},
 volume        = {585},
 number        = {7825},
 pages         = {357--362},
 doi           = {10.1038/s41586-020-2649-2},
 publisher     = {Springer Science and Business Media {LLC}},
 url           = {https://doi.org/10.1038/s41586-020-2649-2}
}

@book{Hsu:13,
  title={Cell-to-cell mapping: a method of global analysis for nonlinear systems},
  author={Hsu, Chieh Su},
  volume={64},
  year={2013},
  publisher={Springer Science \& Business Media}
}

@article{Mi:02,
  title={Topological techniques for efficient rigorous computation in dynamics},
  author={Mischaikow, Konstantin},
  journal={Acta Numerica},
  volume={11},
  pages={435--477},
  year={2002},
  publisher={Cambridge University Press}
}